<?xml version="1.0" encoding="UTF-8"?><collection xmlns="http://www.loc.gov/MARC21/slim"><record><leader>00738nam--2200229-u-4500</leader><controlfield tag="001">000050658</controlfield><controlfield tag="002">20161230</controlfield><controlfield tag="005">20161230201048</controlfield><controlfield tag="008">080303s1000------------r-----000-0-eng-d</controlfield><datafield ind1=" " ind2=" " tag="020"><subfield code="a">0-521-40805-9</subfield></datafield><datafield ind1=" " ind2=" " tag="040"><subfield code="a">IFIN-HH</subfield></datafield><datafield ind1=" " ind2=" " tag="080"><subfield code="a">530.162:539.142.2</subfield></datafield><datafield ind1="1" ind2=" " tag="100"><subfield code="a">Itzykson, Claude</subfield></datafield><datafield ind1="1" ind2="0" tag="245"><subfield code="a">Statistical Field Theory</subfield><subfield code="b">Vol. 1. From Brewnian Motion to Renormalization and Lattice Gauge Theory</subfield><subfield code="c">Claude Itzykson; Jean-Michel Drouffe</subfield></datafield><datafield ind1=" " ind2=" " tag="260"><subfield code="a">Cambride</subfield><subfield code="b">Cambridge University Press</subfield><subfield code="c">1989</subfield></datafield><datafield ind1=" " ind2=" " tag="300"><subfield code="a">403 p</subfield></datafield><datafield ind1=" " ind2=" " tag="490"><subfield code="v">Cambridge Monographs on Mathematical Physcis</subfield></datafield><datafield ind1=" " ind2=" " tag="504"><subfield code="a">Includes Index</subfield></datafield><datafield ind1=" " ind2="4" tag="650"><subfield code="a">Lattice Gauge Field</subfield></datafield><datafield ind1="1" ind2=" " tag="700"><subfield code="a">Drouffe, Jean-Michel</subfield></datafield><datafield ind1=" " ind2=" " tag="852"><subfield code="a">81980</subfield><subfield code="c">530.161</subfield></datafield><datafield ind1=" " ind2=" " tag="CAT"><subfield code="a">Sys</subfield><subfield code="c">20110405</subfield><subfield code="h">102558</subfield></datafield></record></collection>